ISA*00*          *00*          *ZZ*EMEDNYBAT      *ZZ*ETIN           *100101*1000*^*00501*006000600*0*T*:~GS*HP*EMEDNYBAT*ETIN*20100101*1050*6000600*X*005010X221A1~ST*835*1740~BPR*I*219.65*C*ACH*CCP*01*111*DA*33*1234567890**01*111*DA*22*20100101~TRN*1*10100000000*1000000000~REF*EV*ETIN~DTM*405*20100101~N1*PR*NYSDOH~N3*OFFICE OF HEALTH INSURANCE PROGRAMS*CORNING TOWER, EMPIRE STATE PLAZA~N4*ALBANY*NY*122370080~PER*BL*PROVIDER SERVICES*TE*8003439000*UR*www.emedny.org~N1*PE*PHARMACY CORPORATION*XX*9999999995~N4*NEW YORK*NY*101162253~REF*TJ*000000000~LX*1~CLP*PAT ACCT NUM*1*4*0**MC*1000210000000030*99*0~NM1*QC*1*SUBMITTED LAST*SUBMITTED FIRST****MI*LL99999L~NM1*74*1*CORRECTED LAST*CORRECTED FIRST~DTM*232*20100101~DTM*233*20100101~DTM*036*20100101~SVC*N4:68382005501*4*0**0~DTM*472*20100101~CAS*CO*27*4~LQ*RX*65~CLP*PATIENT ACCOUNT NUMBER*1*9.46*0**MC*1000220000000030*01*0~NM1*QC*1*SUBMITTED LAST*SUBMITTED FIRST****MI*LL88888L~DTM*232*20100101~DTM*233*20100101~SVC*N4:59746011306*9.46*0**0~DTM*472*20100101~CAS*CO*16*9.46~LQ*RX*77~CLP*PATIENT ACCOUNT NUMBER*1*256.46*223.64**MC*1000300000000030*99*0~NM1*QC*1*SUBMITTED LAST*SUBMITTED FIRST****MI*LL77777L~DTM*232*20100101~DTM*233*20100101~AMT*AU*223.64~SVC*N4:54092051902*256.46*223.64**30~DTM*472*20100101~CAS*CO*91*-3.5**45*36.32~AMT*B6*223.64~PLB*9999999995*20100101*WO:FCN#201001010000000*3.99~SE*42*1740~GE*1*6000600~IEA*1*006000600~